<record><leader>00000cas a22000007a 4500</leader><controlfield tag="001">10573580</controlfield><controlfield tag="008">840329d1862186uflu x ne      0    0eng d</controlfield><datafield ind1=" " ind2=" " tag="010"><subfield code="a">sn 84022771 </subfield></datafield><datafield ind1=" " ind2=" " tag="040"><subfield code="a">NPX</subfield><subfield code="b">eng</subfield><subfield code="c">NPX</subfield><subfield code="d">MGN</subfield><subfield code="d">OCLCQ</subfield></datafield><datafield ind1=" " ind2=" " tag="042"><subfield code="a">msc</subfield></datafield><datafield ind1="0" ind2=" " tag="130"><subfield code="a">Southern rights (Jacksonville, Fla.)</subfield></datafield><datafield ind1="1" ind2="0" tag="245"><subfield code="a">Southern rights.</subfield></datafield><datafield ind1=" " ind2=" " tag="260"><subfield code="a">Jacksonville, Fla. :</subfield><subfield code="b">[Steele &amp; Doggett]</subfield></datafield><datafield ind1=" " ind2=" " tag="300"><subfield code="a">v.</subfield></datafield><datafield ind1=" " ind2=" " tag="310"><subfield code="a">Irregular</subfield></datafield><datafield ind1="1" ind2=" " tag="362"><subfield code="a">Began in 1862. Cf. Davis, T.F. Hist. of Jacksonville and vicinity, 1513-1924.</subfield></datafield><datafield ind1=" " ind2=" " tag="500"><subfield code="a">Publishers' names recorded in Davis, T.F. Hist. of Jacksonville and vicinity, 1513-1924.</subfield></datafield><datafield ind1=" " ind2=" " tag="515"><subfield code="a">Intended to be published weekly, but issued irregularly due to Yankee blockade and paper shortage.</subfield></datafield><datafield ind1=" " ind2=" " tag="580"><subfield code="a">Continues: Southern Confederacy (non-extant?). Cf. Davis, T.F. Hist. of Jacksonville and vicinity, 1513-1924.</subfield></datafield><datafield ind1=" " ind2=" " tag="588"><subfield code="a">Description based on: Vol. 1, no. 11 (Oct. 4, 1862).</subfield></datafield><datafield ind1=" " ind2=" " tag="752"><subfield code="a">United States</subfield><subfield code="b">Florida</subfield><subfield code="c">Duval</subfield><subfield code="d">Jacksonville.</subfield></datafield><datafield ind1="1" ind2="0" tag="780"><subfield code="t">Southern Confederacy</subfield></datafield></record>